<record><leader>00000cas a22000007a 4500</leader><controlfield tag="001">10863206</controlfield><controlfield tag="008">840620d19111987txudn ne      0   a0eng d</controlfield><datafield ind1=" " ind2=" " tag="010"><subfield code="a">sn 84006195 </subfield></datafield><datafield ind1=" " ind2=" " tag="040"><subfield code="a">NSD</subfield><subfield code="b">eng</subfield><subfield code="c">NSD</subfield><subfield code="d">NPT</subfield><subfield code="d">PPM</subfield><subfield code="d">NSD</subfield><subfield code="d">PPM</subfield><subfield code="d">DLC</subfield><subfield code="d">UBY</subfield><subfield code="d">OCLCQ</subfield><subfield code="d">OCLCF</subfield><subfield code="d">OCLCO</subfield></datafield><datafield ind1=" " ind2=" " tag="012"><subfield code="j">0</subfield><subfield code="m">d</subfield></datafield><datafield ind1="1" ind2=" " tag="022"><subfield code="a">0747-4474</subfield><subfield code="l">0747-4474</subfield><subfield code="2">1</subfield></datafield><datafield ind1=" " ind2=" " tag="037"><subfield code="b">Corpus Christi Times, 820 Lower N. Broadway, Corpus Christi, TX 78401</subfield></datafield><datafield ind1=" " ind2=" " tag="042"><subfield code="a">nsdp</subfield></datafield><datafield ind1=" " ind2=" " tag="043"><subfield code="a">n-us-tx</subfield></datafield><datafield ind1="0" ind2=" " tag="130"><subfield code="a">Corpus Christi times (Corpus Christi, Tex. : 1911)</subfield></datafield><datafield ind1=" " ind2="0" tag="222"><subfield code="a">Corpus Christi times</subfield></datafield><datafield ind1="1" ind2="0" tag="245"><subfield code="a">Corpus Christi times.</subfield></datafield><datafield ind1="3" ind2="0" tag="246"><subfield code="a">Corpus Christi caller-times</subfield></datafield><datafield ind1=" " ind2=" " tag="260"><subfield code="a">Corpus Christi, Tex. :</subfield><subfield code="b">Times Pub. Co.</subfield></datafield><datafield ind1=" " ind2=" " tag="300"><subfield code="a">v. :</subfield><subfield code="b">ill. ;</subfield><subfield code="c">57 cm.</subfield></datafield><datafield ind1=" " ind2=" " tag="310"><subfield code="a">Daily (except holidays)</subfield></datafield><datafield ind1=" " ind2=" " tag="321"><subfield code="a">Semiweekly</subfield></datafield><datafield ind1="1" ind2=" " tag="362"><subfield code="a">Began in 1911.</subfield><subfield code="z">Cf. Ayer, 1920.</subfield></datafield><datafield ind1=" " ind2=" " tag="500"><subfield code="a">On Saturday and Sunday published as: Corpus Christi caller-times.</subfield></datafield><datafield ind1=" " ind2=" " tag="588"><subfield code="a">Description based on: Vol. 7, no. 17 (Jan. 2, 1918).</subfield></datafield><datafield ind1=" " ind2="0" tag="651"><subfield code="a">Corpus Christi (Tex.)</subfield><subfield code="v">Newspapers.</subfield></datafield><datafield ind1=" " ind2="7" tag="655"><subfield code="a">Newspapers.</subfield><subfield code="2">fast</subfield><subfield code="0">(OCoLC)fst01423814</subfield></datafield><datafield ind1=" " ind2="7" tag="651"><subfield code="a">Texas</subfield><subfield code="z">Corpus Christi.</subfield><subfield code="2">fast</subfield><subfield code="0">(OCoLC)fst01204275</subfield></datafield><datafield ind1=" " ind2=" " tag="752"><subfield code="a">United States</subfield><subfield code="b">Texas</subfield><subfield code="c">Nueces</subfield><subfield code="d">Corpus Christi.</subfield></datafield><datafield ind1="0" ind2="0" tag="780"><subfield code="t">Valley times (Corpus Christi, Tex.)</subfield></datafield><datafield ind1="0" ind2="7" tag="785"><subfield code="t">Corpus Christi caller (Corpus Christi, Tex. : 1918)</subfield><subfield code="x">0889-812X</subfield><subfield code="w">(DLC)sn 86071134</subfield></datafield><datafield ind1="0" ind2="7" tag="785"><subfield code="t">Corpus Christi caller-times</subfield><subfield code="x">0894-5365</subfield><subfield code="w">(DLC)sn 87002897</subfield></datafield><datafield ind1=" " ind2=" " tag="936"><subfield code="a">May 23, 1984</subfield></datafield></record>